@article{duc,
    author = "Duc Minh Tran",
    title = "Implementation of a deep learning library in Futhark",
    year = "2018",
    url = "https://futhark-lang.org/student-projects/duc-bsc-thesis.pdf"
}

@article{autodiff,
    author = "Atılım Günes Baydin and Barak A. Pearlmutter and Alexey Andreyevich Radul and Jeffrey Mark Siskind",
    title = "Automatic Differentiation in Machine Learning: a Survey",
    year = "2018",
    url = "https://arxiv.org/pdf/1502.05767.pdf"
}
